3075 4409
364 528 420 593 W}

363 616 494 688 'Fratres
511 613 674 688 Cariffimi
683 642 699 699 ¹,
719 611 811 704 quiid
826 613 867 686 el)
881 611 1081 705 felicioribus
1095 614 1246 709 auspiciis

298 738 301 746 ·
362 706 527 793 vin-lucem
543 710 754 800 proditurum
767 705 985 792 confidimus,
1000 711 1070 798 qud
1082 712 1245 782 ardentio·

368 799 461 874 tibus
483 806 568 872 votis
586 802 603 872 l
624 797 764 870 restrium
786 798 934 889 plurimis
948 802 1139 886 jamdudum
1152 802 1245 874 effla·

368 898 509 986 gitatum
525 893 579 964 est.
602 895 742 964 Novum
758 915 868 963 autem
884 894 1046 977 dicimus,
1070 919 1139 964 uon
1157 893 1245 986 quast

369 991 516 1058 nova&
539 983 695 1056 hodierius
720 980 812 1054 vobis
834 989 945 1074 ignota
970 989 1166 1071 contineat,
1191 986 1245 1057 sed

370 1082 451 1168 quia
472 1075 600 1149 meliori
621 1077 736 1147 ordine
758 1076 939 1166 digestum,
967 1102 1095 1149 novum
1117 1075 1246 1151 Officiis

372 1167 590 1253 ecclesrasticis
611 1166 761 1241 conferet
781 1167 997 1260 splendorem.

420 1355 603 1427 Neminem
621 1356 721 1445 igitur
732 1366 872 1427 moveat
893 1352 918 1426 fi
938 1380 1001 1446 pro
1016 1365 1088 1441 jure
1106 1356 1196 1445 quod
1207 1355 1248 1425 ad

374 1444 523 1518 Ecclefiae
541 1448 656 1517 nostrae
674 1450 818 1535 regimen
834 1448 1002 1518 institutio
1025 1449 1135 1518 divina
1152 1446 1247 1518 nobis

375 1539 517 1610 contulit
531 1593 542 1623 ,
554 1540 711 1628 quodque
733 1535 861 1609 sacrum
874 1538 1065 1610 Concilium
1074 1541 1249 1610 ⁴Tridenti-

373 1656 459 1701 num
470 1628 624 1714 offeruit,
643 1627 809 1721 Episcopis
826 1632 1059 1701 'commendans
1080 1653 1116 1701 nt
1133 1631 1248 1703 Eccle-

374 1718 638 1794 liarumsuarum
646 1718 831 1792 Millalia&
843 1726 1004 1794 Breviaria
1016 1722 1247 1808 emendarent,

375 1816 543 1885 Breviario
573 1819 724 1884 Romano
753 1815 844 1902 quod
866 1811 961 1884 suum
982 1811 1122 1887 ecclelia
1142 1814 1249 1885 nostra

370 1898 523 1990 fecerat,
545 1904 653 1976 faustis
673 1930 763 1976 nunc
777 1903 961 1978 faventibus
971 1905 1249 1991 circumstantiis,

371 2022 439 2097 pro
464 2001 548 2067 tium
569 2000 771 2068 Breviarium
790 1993 1038 2082 substituamus,
1055 2002 1090 2067 in
1107 2021 1175 2086 quo
1188 2004 1249 2070 Ec-

376 2025 478 2158 clellae
502 2088 615 2159 nostrae
638 2093 739 2165 Ritus,
758 2093 945 2180 optionatus
970 2102 1186 2175 revocantes,
1208 2116 1249 2162 eo

376 2181 480 2250 modo
496 2205 566 2269 quo
585 2205 643 2271 pet
659 2203 710 2252 tot
730 2176 838 2252 secula
863 2185 973 2273 Patres
997 2181 1096 2252 nostri
1117 2179 1250 2254 cursum

378 2272 588 2434 Calnonicum
600 2279 843 2365 peregerunt&
855 2286 916 2345 nos
928 2275 1082 2364 deinceps
1098 2297 1250 2366 peragere

376 2388 553 2439 vacamus.

389 2598 392 2605 ·
423 2546 552 2623 Habuit
577 2551 667 2621 enim
695 2547 876 2623 Aniciensrs
902 2546 1041 2621 Ecclesia
1071 2547 1251 2640 peculiares

363 2642 517 2716 anuum
537 2640 653 2713 Libros
677 2668 821 2732 quorum
841 2641 949 2712 adhuc
967 2665 1182 2713 monumenta
1198 2638 1249 2712 su-

375 2730 536 2824 persunt,
559 2761 667 2824 quos,
692 2761 768 2807 cum
787 2740 863 2806 viris
883 2735 924 2804 ad
943 2735 977 2802 id
994 2735 1012 2803 ὲ
1034 2731 1127 2804 nobis
1143 2730 1249 2803 delec-

377 2827 419 2894 tis
434 2828 469 2894 in
483 2850 640 2917 promptu
660 2823 722 2896 fuit
734 2823 887 2897 attentius
898 2821 1078 2914 inspicere3
1101 2827 1249 2896 eamdem

376 2913 481 2988 ferme
505 2917 699 3002 methodum
719 2943 757 2988 ac
779 2916 920 2988 formam
942 2920 977 2985 in
1001 2919 1041 2986 iis
1060 2913 1138 2986 usur
1161 2940 1248 2988 atam

378 3031 642 3098 compererunt,
664 3035 737 3098 quae
773 3013 808 3078 in
844 3004 1006 3099 plerisque
1034 2943 1250 3080 Ecclellarum

377 3099 489 3172 Galliae
508 3100 559 3171 -de
580 3126 669 3171 novo
694 3097 816 3171 excusis
840 3104 1010 3171 Breviatiis
1037 3095 1249 3190 conspicitur.

376 3195 469 3263 Inter
496 3191 566 3280 haec
594 3216 735 3276 autem,
767 3217 844 3263 cum
879 3195 1020 3263 emineat
1051 3195 1251 3263 Breviarium
1300 3269 1308 3276 ,

375 3279 576 3369 Paristense,
599 3288 634 3354 in
655 3283 763 3374 plures
783 3282 937 3355 Ecclesiae
955 3282 1052 3371 hujus
1075 3289 1166 3373 regni
1185 3295 1252 3371 iarn

346 3420 352 3427 -
377 3378 546 3468 invedium
562 3429 574 3459 ‚
593 3374 674 3446 illud
694 3376 915 3468 adoptandum
938 3372 1122 3445 censuimus
1139 3404 1151 3460 ς
1178 3373 1252 3447 nol*

358 3474 467 3536 lerum
487 3489 596 3539 tatnen
614 3471 660 3537 ita
682 3465 862 3553 facientes,
885 3491 922 3538 ut
941 3490 1058 3558 praeter
1077 3470 1252 3558 Proprium

377 3560 573 3630 sanctorum
598 3559 689 3648 quod
711 3561 751 3630 de
779 3586 868 3630 novo
898 3558 1017 3630 confici
1040 3564 1249 3644 curavimus,
1292 3564 1295 3569 ’

380 3646 535 3741 quasdam
556 3655 656 3724 etiam
670 3654 706 3724 in
726 3655 852 3726 ceteris.
864 3642 1010 3745 partibus
1029 3654 1226 3726 mutationes
1237 3700 1250 3736 ‚
