3075 4409
400 502 454 561 ioa
512 478 638 558 Sasbato
649 497 727 560 iatri
745 499 883 562 Otiavam
898 499 1035 578 Corporis
1045 498 1160 587 Christi.

401 593 460 662 est,
477 591 522 651 se‘d
532 592 701 652 Euchariflia
714 614 746 652 ex
756 593 824 652 dua-

400 668 455 727 bus
465 667 546 726 rebus
555 666 704 737 constane,
715 665 824 727 terreni

401 749 429 803 &
443 739 544 801 eoelesti
565 764 574 812 3
599 739 633 799 ste
656 750 683 800 &
706 742 824 814 ebrpora

399 813 498 875 nostra
513 815 692 888 percipit'rrtia
714 813 824 874 Eucha-

399 889 505 950 ristiam
521 935 529 961 ,
552 894 606 965 jam
618 910 677 946 non
688 885 750 947 sunt
761 909 824 947 cor·

398 962 544 1036 ruptibilia
560 1008 568 1031 ‚
587 961 664 1033 spem
684 962 823 1022 resurree-

397 1035 484 1098 tibiis
497 1035 638 1095 habentia.

437 1131 478 1184 132·
489 1108 728 1182 AccipiensJesus.
741 1128 803 1184 195.

381 1223 383 1228 ·
436 1185 491 1243 Ad
506 1183 678 1242 Berredisius.

434 1259 510 1317 Ant.
519 1281 544 1332 4.
554 1260 586 1315 E.
598 1255 757 1315 Benedicito
766 1255 824 1315 Dri-

400 1332 525 1401 minum,
542 1332 590 1404 qui
599 1330 698 1389 fecitte
709 1375 717 1399 ,
730 1339 756 1389 &
767 1333 824 1389 ine-

400 1404 539 1464 briantem
550 1425 575 1463 te
586 1403 621 1462 ab
630 1404 762 1464 <inanibus
771 1405 824 1462 bo-

398 1480 443 1539 nis
452 1475 517 1539 suis.
533 1477 621 1537 Eccli.
637 1501 679 1553 32.

500 1568 730 1629 CANON.

416 1662 457 1722 Ex
475 1661 606 1721 Concilio
625 1657 803 1718 Tridentino.

396 1731 822 1812 Ann.1551.Seffl13.deEuelr.

563 1830 622 1882 cap.
632 1829 660 1880 4.

403 1887 458 2016 SI
479 1883 541 1956 quis
563 1882 685 1950 dixerit,
712 1877 824 1952 petasii

456 1954 692 2022 consceratieine,
719 1959 749 2012 in
772 1952 823 2012 ad-

401 2030 524 2088 miribili
537 2026 713 2088 Eucharistiae
724 2032 822 2085 Saeta-

398 2124 498 2162 mento
523 2123 580 2160 nort
599 2100 653 2161 eise
670 2121 768 2173 corpus
794 2108 821 2159 &

397 2174 563 2252 sanguinem
589 2177 706 2234 Dbmini
735 2172 822 2232 nostri

397 2250 465 2311 Jesu
477 2249 578 2309 christi
590 2294 599 2318 ,
618 2249 662 2309 sed
675 2248 782 2308 tanttim
793 2249 822 2306 in

400 2323 468 2393 usu,
481 2321 689 2392 dumsirmiturt
703 2343 761 2380 non
771 2341 822 2380 au-

389 2396 456 2458 ‘tem
468 2398 532 2458 ante
543 2399 587 2457 vel
599 2396 660 2471 posi
670 2442 680 2466 ,
691 2404 718 2456 &
730 2396 759 2454 in
768 2393 822 2454 hei-

399 2472 458 2533 stiis
468 2470 512 2532 seu
525 2474 665 2545 particulis
679 2467 822 2530 consecti-

395 2550 458 2616 tis,
482 2569 543 2620 quat
561 2546 622 2618 post
643 2547 821 2605 communio-

396 2642 465 2679 num
482 2618 656 2679 reservantur
668 2621 714 2678 vei
728 2617 821 2690 super-

377 2708 379 2712 '
395 2690 481 2762 sunt,
499 2716 556 2752 non
569 2693 711 2753 ternane're
724 2714 820 2751 verum

397 2787 498 2839 corpus
514 2767 653 2837 Dbrnini,
671 2765 821 2827 anathema

396 2838 438 2900 iit.

433 2913 486 2974 Ad
494 2911 672 2989 Magnificat.

433 2989 505 3047 Ant.
521 3011 544 3047 ι,
564 2993 598 3047 D.
620 2993 681 3062 Ego
699 2985 757 3046 sum
772 3008 821 3059 pa-

393 3065 439 3125 nis
449 3065 512 3122 vitae
530 3086 536 3119 ι
559 3063 607 3133 qui
621 3063 698 3120 venit
708 3061 742 3120 ad
754 3083 797 3120 me
809 3109 818 3133 ‚

393 3159 455 3197 non
464 3134 582 3205 esitriet3
599 3136 684 3208 &qui
696 3135 819 3194 creditin

391 3233 463 3345 Jte,
494 3231 552 3268 non
580 3209 655 3268 sitiet
683 3231 816 3284 unquam.

412 3307 475 3346 oen.
486 3296 512 3344 6.

982 593 1108 654 Lecrro
1119 596 1150 677 j.

1295 328 1311 619 i

874 659 918 727 De
933 667 1006 727 libro
1028 672 1121 741 primo
1137 675 1246 747 Regum·
1304 728 1311 741 .,

1016 763 1076 817 cap.
1091 755 1117 800 6.

858 816 974 1000 FUit
983 836 1047 875 area
1060 814 1178 876 Dbmini
1191 818 1216 876 in
1230 834 1261 875 re·

932 888 1018 964 gitine
1049 888 1261 950 Phiiisthineimm

932 963 1036 1035 septem
1061 961 1209 1022 minsrbus.
1236 965 1261 1021 it

856 1037 1030 1096 vocaverunt
1045 1034 1212 1096 Philisthiim
1230 1033 1243 1094 s
1253 1064 1263 1080 ·

856 1108 982 1169 cerdeites
993 1119 1021 1170 &
1033 1109 1165 1180 divinos,
1180 1108 1263 1170 dicen·

856 1201 911 1240 tes:
926 1184 1006 1262 Quid
1019 1182 1156 1243 faeismus
1168 1183 1200 1243 de
1214 1200 1264 1243 arte

855 1255 972 1315 Deimini
995 1265 1005 1317 i
1039 1256 1166 1316 indicite
1194 1257 1264 1317 nobis

856 1329 1002 1401 quimodti
1022 1329 1196 1391 remittamus
1214 1349 1265 1390 eam

855 1404 991 1463 inlocum
1007 1402 1095 1463 suum.
1120 1405 1183 1493 Qui
1200 1403 1266 1464 dixi-

856 1496 945 1537 runt:
974 1478 1000 1534 si
1021 1478 1161 1537 remittitis
1184 1498 1267 1538 aream

856 1552 909 1608 Dei
918 1548 1001 1609 Israel
1016 1597 1025 1620 ‚
1039 1550 1128 1610 nolite
1141 1550 1269 1611 dimittere

856 1644 918 1682 eant
931 1624 1065 1683 vieuam:
1084 1622 1132 1684 sed
1141 1625 1219 1699 quod
1231 1625 1269 1685 de·

856 1696 926 1756 bitis
941 1744 948 1767 ,
970 1697 1074 1757 reddite
1087 1700 1114 1756 ei
1125 1719 1177 1770 pto
1185 1699 1271 1771 pecti·

855 1789 886 1829 to
903 1792 911 1838 3
930 1779 956 1830 &
969 1789 1035 1830 tune
1048 1771 1218 1832 curabimini
1229 1780 1271 1843 ,δι

856 1840 945 1903 scistis
973 1866 1058 1918 quare
1079 1867 1139 1905 non
1169 1844 1271 1906 recidat

855 1939 953 1976 manua
962 1922 1020 1993 ejus
1029 1919 1044 1976 a
1054 1919 1147 1978 vobis.
1162 1922 1223 2000 Qui
1234 1920 1273 1980 di·

855 1991 969 2050 xirunt:
991 1990 1071 2124 (guid
1084 1991 1126 2052 est
1138 1993 1216 2066 quod
1227 2013 1273 2067 pto

855 2064 957 2123 desisto
988 2065 1099 2125 rddere
1126 2065 1273 2127 debeamus

855 2140 902 2196 ei?
924 2137 1197 2214 Responderuntque
1215 2142 1272 2200 iiii:

854 2216 936 2272 Juxta
952 2210 1099 2272 nitmetum
1117 2215 1275 2287 provincii·

855 2307 917 2346 rum
930 2284 1180 2357 philisthinbrum,
1200 2291 1276 2361 quin·

855 2381 909 2433 que
930 2381 998 2419 anos
1019 2360 1117 2420 aureos
1137 2360 1243 2422 faciitis
1265 2407 1273 2433 ‚

854 2442 881 2492 &
899 2436 1022 2508 quinque
1040 2455 1133 2493 mutes
1155 2435 1275 2524 itureosj

792 2545 799 2561 ι
855 2510 920 2580 quia
939 2508 1021 2583 plaga
1037 2529 1093 2568 una
1111 2505 1166 2569 fuit
1187 2509 1278 2570 (imni-

854 2581 905 2640 bus
918 2582 1000 2641 vobis
1017 2628 1025 2652 ‚
1048 2591 1076 2642 &
1089 2580 1206 2655 satrapis
1217 2582 1277 2644 ves·

854 2658 910 2715 tris.
934 2653 1104 2729 Facietisque
1123 2654 1278 2717 fimilitirdi-

854 2751 901 2789 nes
913 2729 1031 2789 attritum
1044 2729 1202 2790 vestrtirum
1216 2776 1226 2802 ‚
1250 2738 1276 2790 &

854 2802 1041 2863 finrilitirdines
1074 2802 1197 2865 mitrium
1229 2806 1278 2879 qui

853 2876 979 2937 demoliti
1004 2876 1068 2936 sunt
1084 2895 1188 2937 tetram
1212 2900 1222 2948 ς
1250 2886 1278 2939 &

853 2951 952 3011 dibitis
967 2956 1029 3010 Deo
1043 2949 1126 3010 Israel
1136 2951 1275 3027 gitiriam:

851 3023 1276 3085 srfottitrelevetmanumsuam

853 3097 976 3168 avehit,
986 3109 1012 3158 &
1030 3099 1044 3157 a
1056 3099 1108 3158 diis
1118 3097 1236 3170 vestris,
1248 3108 1276 3158 δι

852 3171 959 3233 iterra
975 3173 1075 3233 vestra.
1109 3173 1208 3307 (stuare
1229 3192 1276 3250 ag·

850 3248 974 3322 gravitis
984 3247 1068 3307 corda
1081 3268 1117 3306 ve
1143 3268 1192 3315 ra,
1208 3247 1277 3306 ficut

850 3322 1015 3396 aggravavit
1027 3325 1163 3397 AEgyptrrs
1173 3329 1199 3380 &
1208 3319 1275 3380 Phi·

850 3414 898 3453 rao
908 3394 1062 3455 corsuum?
1081 3398 1188 3455 Nonne
1199 3393 1276 3468 post-

869 3491 934 3528 uam
951 3468 1087 3543 percussus
1108 3468 1149 3529 est
1170 3515 1179 3539 ,
1207 3487 1275 3528 tuuc

457 3534 474 3586 S
493 3533 516 3585 A
537 3534 556 3586 Β
576 3534 596 3586 Β
616 3532 640 3585 Α
659 3531 687 3586 Τ
707 3529 745 3585 0·
848 3489 949 3602 iimifit
971 3564 1048 3612 eos,
1077 3549 1104 3602 &
1132 3542 1272 3603 abierunt.

433 3616 504 3676 Tres
525 3619 596 3680 Ant.
618 3617 632 3676 ἓ
651 3616 709 3676 m.
730 3615 813 3678 Noti.
847 3619 1014 3693 Nuneergo
1027 3614 1274 3689 arripiteatfacite

371 3688 707 3777 Damiaicaesequcntit.
723 3700 791 3761 208.
849 3689 1005 3768 praeirem
1018 3711 1127 3755 perum
1153 3709 1274 3766 annuas
