3075 4409
384 510 427 596 .νὶ
1219 530 1221 534 .
1237 520 1241 537 ι

388 617 605 706 verbijugitet
620 610 784 688 instarent.
804 612 882 688 Hoc
903 606 1097 709 Apostolicis
1114 610 1269 688 instrum

388 710 597 781 documentis
631 706 792 781 intellexit
822 706 988 795 Ecclelia,
1020 708 1119 793 edm,
1144 708 1269 779 redditi

354 859 358 871 ,
390 798 451 872 fibi
481 826 595 893 pace,
623 824 726 873 certas
754 824 813 891 per
840 796 981 893 fingulos
1010 802 1077 872 dies
1101 799 1267 889 affign'avit

389 891 510 980 horas,
534 889 653 983 quibus
674 896 709 963 in
726 892 1139 984 templum'convenientea
1157 889 1268 963 sacto-

390 1009 466 1057 rum
482 984 659 1057 administri
675 976 778 1056 socias
792 989 1032 1075 ingeminatam
1048 1004 1182 1078 preces,
1196 987 1265 1054 vim

390 1082 466 1148 Deo
484 1098 608 1166 gratam
631 1073 777 1148 facerent
800 1082 837 1148 dt
863 1074 1012 1149 fidelibus
1041 1100 1152 1149 rerum
1182 1099 1267 1147 tem·

388 1166 550 1259 poralium
564 1169 749 1241 necessitate
760 1171 925 1263 impeditis
939 1169 1061 1242 coelum
1077 1173 1263 1260 aperirent,
1310 1211 1311 1218 κ

389 1262 477 1331 unde
508 1264 543 1329 in
573 1259 645 1331 illos
673 1261 867 1352 depluetent
895 1259 1121 1352 supernatuml
1142 1259 1264 1331 imbres

389 1343 662 1425 benedidlionem
686 1359 777 1425 Hinc
802 1350 943 1445 pretiosa
962 1353 1016 1425 illa
1039 1349 1262 1436 consuetudo,

388 1468 462 1531 quae
480 1454 547 1532 jam
566 1447 584 1514 ὲ
602 1443 749 1536 pluribus
769 1441 882 1516 seculis
900 1450 934 1516 in
956 1445 1060 1536 legem
1076 1442 1167 1516 versa
1180 1447 1263 1516 &in

387 1539 485 1615 variis
512 1536 672 1609 Conciliis
703 1535 846 1622 offerta,
877 1539 918 1609 od
946 1537 1076 1609 illatum
1095 1562 1259 1627 precum,

387 1648 469 1716 quas
500 1633 609 1699 Horas
637 1634 835 1714 canonicae,
861 1653 1012 1715 vocant,
1038 1629 1263 1718 quotidianam

387 1723 634 1804 recitationem,
652 1746 709 1791 eos
721 1746 836 1791 omnes
848 1718 969 1812 obligat
981 1776 992 1805 ‚
1004 1725 1061 1811 qui
1074 1717 1127 1811 vel
1139 1721 1263 1790 ordinis

386 1797 480 1880 sacro
492 1815 653 1883 caradlere
667 1809 743 1883 sunt
753 1811 895 1902 infigniti
906 1869 915 1897 ,
927 1811 979 1883 vel
991 1808 1145 1884 Beneficii
1160 1808 1263 1899 cujus·

388 1896 469 1973 libet
481 1900 689 1974 Ecclesiastici
700 1903 798 1976 titulo
811 1907 952 1996 gaudent
964 1912 1000 1976 dt
1014 1903 1181 1976 fruuntur.
1205 1912 1210 1921 '

434 2085 558 2156 Venlm
571 2084 628 2158 etli
640 2091 676 2158 in
687 2083 842 2159 omnibus
854 2084 943 2158 orbis
957 2085 1136 2159 Christiani
1149 2085 1263 2158 Eccle-

388 2172 439 2255 stis
460 2176 511 2249 lex
532 2180 664 2265 eadem,
686 2207 755 2251 non
780 2179 903 2269 ubique
925 2202 1042 2251 tamen·
1052 2180 1139 2249 idem
1157 2178 1263 2270 legem

387 2268 585 2360 adimplendi
598 2272 737 2356 modus,
760 2298 830 2342 non
847 2269 960 2342 eadem
972 2273 1126 2362 precandi
1143 2270 1260 2345 forma.

387 2363 463 2432 Nec
474 2363 550 2433 inde
566 2364 619 2435 vel
630 2363 785 2436 leviffime
800 2363 926 2436 laeditur
944 2361 1091 2434 Ecclesiae
1105 2365 1204 2435 decor
1223 2370 1261 2435 dc

385 2453 559 2540 venustas,
578 2482 651 2548 quae
677 2454 754 2528 licet
777 2458 841 2545 (al
869 2462 972 2526 omnis
988 2460 1095 2550 gloria
1124 2459 1193 2547 ejus
1220 2459 1261 2538 ab

385 2548 473 2616 iactis
484 2601 497 2635 ,
519 2546 577 2618 stat
601 2547 838 2621 nihilhomimls
864 2548 885 2618 d
908 2550 1031 2619 dextris
1050 2545 1163 2638 sponfi
1188 2544 1261 2631 sni,

386 2639 570 2729 infimbriis
580 2648 683 2711 aureis
699 2645 929 2714 circumamic'la
941 2635 1262 2726 varictatibus.Quid

385 2750 496 2802 autem
513 2730 702 2804 multicolor
718 2728 774 2804 illa
793 2735 911 2816 vestis,
931 2724 990 2802 nist
1000 2735 1137 2802 varietas
1153 2727 1263 2802 sacro·

384 2828 461 2894 r'um'
478 2827 605 2896 rituum
627 2822 749 2916 quibua
769 2820 916 2896 Ecclesiae
933 2823 1075 2893 Ministri
1094 2824 1168 2894 Deo
1188 2821 1261 2894 lau·

327 2923 330 2928 ’
383 2914 440 2985 des
464 2915 687 3004 persolvunt?
710 2917 775 3004 (h.)
804 2921 970 3011 Optimum
993 2916 1036 3005 est
1047 2965 1062 3000 ,
1088 2913 1261 3005 inquiebat

382 3003 512 3079 sandius
532 3005 671 3079 Ifidotus
688 3004 910 3099 Hispalenfis,
930 3031 965 3078 ut
976 3014 1090 3101 gravit
1104 2998 1262 3102 prodeest

382 3126 442 3192 que
465 3102 662 3191 Christianus
680 3126 717 3171 eo
734 3102 828 3170 modo
849 3123 929 3196 agac
947 3125 1009 3195 quo
1033 3125 1127 3196 agere
1149 3102 1263 3172 viderit

384 3191 558 3281 Ecclefiam
581 3195 742 3286 adquam
765 3182 858 3284 fond
884 3195 1056 3266 ᾰενεηετὶτ.
1078 3195 1261 3264 Neminem

382 3310 462 3374 ergo
485 3280 653 3355 offendere
676 3280 799 3370 debet,
823 3284 913 3374 quod
921 3288 958 3355 in
968 3282 1098 3357 diversis
1111 3283 1262 3357 Ecclesiia

383 3373 514 3447 diversae
534 3380 728 3448 ceremonia:
745 3380 899 3468 vigeant3
917 3381 959 3447 In
976 3385 1015 3453 iis
1036 3382 1125 3450 enim
1144 3381 1260 3462 rebus,
